<record><leader>00000cas a2200000 a 4500</leader><controlfield tag="001">11593832</controlfield><controlfield tag="008">850117d197u1982hiuer ne      0   a0eng d</controlfield><datafield ind1=" " ind2=" " tag="010"><subfield code="a">sn 85047035 </subfield></datafield><datafield ind1=" " ind2=" " tag="040"><subfield code="a">HUH</subfield><subfield code="b">eng</subfield><subfield code="c">HUH</subfield><subfield code="d">HWN</subfield><subfield code="d">OCL</subfield><subfield code="d">OCLCQ</subfield></datafield><datafield ind1=" " ind2=" " tag="042"><subfield code="a">msc</subfield></datafield><datafield ind1=" " ind2=" " tag="043"><subfield code="a">n-us-hi</subfield></datafield><datafield ind1=" " ind2=" " tag="090"><subfield code="a">DU628.N67</subfield><subfield code="b">N68</subfield></datafield><datafield ind1="0" ind2="0" tag="245"><subfield code="a">North Shore community review.</subfield></datafield><datafield ind1=" " ind2=" " tag="260"><subfield code="a">Wahiawa, HI :</subfield><subfield code="b">Techno-Graphics</subfield></datafield><datafield ind1=" " ind2=" " tag="300"><subfield code="a">v. :</subfield><subfield code="b">ill. ;</subfield><subfield code="c">28 cm.</subfield></datafield><datafield ind1=" " ind2=" " tag="310"><subfield code="a">Biweekly</subfield></datafield><datafield ind1="0" ind2=" " tag="362"><subfield code="a">-v. 7, no. 13 (Dec. 20, 1982).</subfield></datafield><datafield ind1=" " ind2=" " tag="500"><subfield code="a">Published by: Haleiwa, Hawaii : Community Review Publications, Sept.-Dec. 1982.</subfield></datafield><datafield ind1=" " ind2=" " tag="515"><subfield code="a">Slight irregularities in numbering.</subfield></datafield><datafield ind1=" " ind2=" " tag="588"><subfield code="a">Description based on: Vol. 3, no. 13 (Dec. 13, 1978).</subfield></datafield><datafield ind1=" " ind2="0" tag="651"><subfield code="a">North Shore Region (Hawaii)</subfield><subfield code="v">Periodicals.</subfield></datafield><datafield ind1=" " ind2=" " tag="752"><subfield code="a">United States</subfield><subfield code="b">Hawaii</subfield><subfield code="c">Honolulu</subfield><subfield code="d">Wahiawa.</subfield></datafield><datafield ind1=" " ind2=" " tag="752"><subfield code="a">United States</subfield><subfield code="b">Hawaii</subfield><subfield code="c">Honolulu</subfield><subfield code="d">Haleiwa.</subfield></datafield><datafield ind1="0" ind2="0" tag="780"><subfield code="t">North Shore gazette (Wahiawa, Hawaii)</subfield><subfield code="w">(DLC)sn 85047224</subfield><subfield code="w">(OCoLC)12548657</subfield></datafield><datafield ind1="0" ind2="0" tag="785"><subfield code="t">North Shore news (Haleiwa, Hawaii)</subfield><subfield code="w">(DLC)sn 85047036</subfield><subfield code="w">(OCoLC)11593856</subfield></datafield></record>